<record><leader>00000cas a22000001a 4500</leader><controlfield tag="001">32751476</controlfield><controlfield tag="007">hd afb018baca</controlfield><controlfield tag="007">hd bfb018baaa</controlfield><controlfield tag="008">950703d19061924nyudr nea     0    0eng c</controlfield><datafield ind1=" " ind2=" " tag="010"><subfield code="a">sn 94092920 </subfield></datafield><datafield ind1=" " ind2=" " tag="040"><subfield code="a">NN</subfield><subfield code="b">eng</subfield><subfield code="c">RQM</subfield><subfield code="d">OCLCQ</subfield><subfield code="d">OCLCF</subfield><subfield code="d">OCLCO</subfield><subfield code="d">OCLCQ</subfield></datafield><datafield ind1=" " ind2=" " tag="012"><subfield code="i">9506</subfield></datafield><datafield ind1=" " ind2=" " tag="042"><subfield code="a">pcc</subfield></datafield><datafield ind1=" " ind2=" " tag="043"><subfield code="a">n-us-ny</subfield></datafield><datafield ind1="0" ind2="0" tag="245"><subfield code="a">Bronx home news.</subfield></datafield><datafield ind1=" " ind2=" " tag="260"><subfield code="a">Borough of the Bronx [N.Y.] :</subfield><subfield code="b">James O'Flaherty, Jr.,</subfield><subfield code="c">-1924.</subfield></datafield><datafield ind1=" " ind2=" " tag="300"><subfield code="a">volumes</subfield></datafield><datafield ind1=" " ind2=" " tag="310"><subfield code="a">Daily,</subfield><subfield code="b">&lt;Nov. 6, 1922-&gt;</subfield></datafield><datafield ind1=" " ind2=" " tag="321"><subfield code="a">Semiweekly,</subfield><subfield code="b">&lt;-1915&gt;</subfield></datafield><datafield ind1=" " ind2=" " tag="321"><subfield code="a">Triweekly,</subfield><subfield code="b">1918-1922</subfield></datafield><datafield ind1=" " ind2=" " tag="336"><subfield code="a">text</subfield><subfield code="b">txt</subfield><subfield code="2">rdacontent</subfield></datafield><datafield ind1=" " ind2=" " tag="337"><subfield code="a">microform</subfield><subfield code="b">h</subfield><subfield code="2">rdamedia</subfield></datafield><datafield ind1=" " ind2=" " tag="338"><subfield code="a">microfilm reel</subfield><subfield code="b">hd</subfield><subfield code="2">rdacarrier</subfield></datafield><datafield ind1="1" ind2=" " tag="362"><subfield code="a">Began in 1906.</subfield></datafield><datafield ind1="0" ind2=" " tag="362"><subfield code="a">-v. 18, no. 270 (Sept. 30, 1924).</subfield></datafield><datafield ind1=" " ind2=" " tag="588"><subfield code="a">Description based on: Vol. 7, no. 387 (Oct. 2, 1913).</subfield></datafield><datafield ind1=" " ind2=" " tag="533"><subfield code="a">Microfilm.</subfield><subfield code="m">1907-1924:[Gaps] On film with related titles.</subfield><subfield code="b">New York :</subfield><subfield code="c">New York Public Library,</subfield><subfield code="d">[19--].</subfield><subfield code="e">179 microfilm reels ; 35 mm.</subfield></datafield><datafield ind1=" " ind2="0" tag="651"><subfield code="a">Bronx (New York, N.Y.)</subfield><subfield code="v">Newspapers.</subfield></datafield><datafield ind1=" " ind2="0" tag="651"><subfield code="a">Bronx County (N.Y.)</subfield><subfield code="v">Newspapers.</subfield></datafield><datafield ind1=" " ind2="7" tag="651"><subfield code="a">New York (State)</subfield><subfield code="z">Bronx County.</subfield><subfield code="2">fast</subfield><subfield code="0">(OCoLC)fst01246823</subfield></datafield><datafield ind1=" " ind2="7" tag="651"><subfield code="a">New York (State)</subfield><subfield code="z">New York</subfield><subfield code="z">Bronx.</subfield><subfield code="2">fast</subfield><subfield code="0">(OCoLC)fst01313050</subfield></datafield><datafield ind1=" " ind2="7" tag="655"><subfield code="a">Newspapers.</subfield><subfield code="2">fast</subfield><subfield code="0">(OCoLC)fst01423814</subfield></datafield><datafield ind1=" " ind2=" " tag="752"><subfield code="a">United States</subfield><subfield code="b">New York</subfield><subfield code="c">Bronx</subfield><subfield code="d">Bronx.</subfield></datafield><datafield ind1=" " ind2=" " tag="752"><subfield code="a">United States</subfield><subfield code="b">New York</subfield><subfield code="d">New York.</subfield></datafield><datafield ind1="0" ind2=" " tag="775"><subfield code="t">Harlem home news</subfield></datafield><datafield ind1="0" ind2=" " tag="775"><subfield code="t">Home news (New York, N.Y. : Harlem ed.)</subfield></datafield><datafield ind1="0" ind2=" " tag="775"><subfield code="t">Home news (New York, N.Y. : Harlem and Washington Heights ed.)</subfield></datafield><datafield ind1="0" ind2=" " tag="775"><subfield code="t">Home news (New York, N.Y. : Yorkville ed.)</subfield></datafield><datafield ind1="0" ind2=" " tag="775"><subfield code="t">Home news (New York, N.Y. : Washington Heights ed.)</subfield></datafield><datafield ind1="0" ind2=" " tag="775"><subfield code="t">Home news (New York, N.Y. : East Harlem and Yorkville ed.)</subfield></datafield><datafield ind1="1" ind2=" " tag="776"><subfield code="c">Original</subfield><subfield code="w">(DLC)sn 88073059</subfield></datafield><datafield ind1="0" ind2="0" tag="785"><subfield code="t">Home news (New York, N.Y. : Bronx and Manhattan ed.)</subfield><subfield code="w">(DLC)sn 94092896</subfield></datafield><datafield ind1=" " ind2=" " tag="850"><subfield code="a">NN</subfield><subfield code="a">NN (master)</subfield></datafield><datafield ind1="1" ind2=" " tag="029"><subfield code="a">AU@</subfield><subfield code="b">000011785420</subfield></datafield></record>